<?xml version="1.0" encoding="UTF-8"?><collection xmlns="http://www.loc.gov/MARC21/slim"><record><leader>00611nam--2200205-i-4500</leader><controlfield tag="001">000012007</controlfield><controlfield tag="002">20161230</controlfield><controlfield tag="005">20161230201029</controlfield><controlfield tag="008">060222s1000------------r-----000-0-fre-d</controlfield><datafield ind1=" " ind2=" " tag="040"><subfield code="a">IFIN-HH</subfield></datafield><datafield ind1=" " ind2=" " tag="041"><subfield code="a">fre</subfield></datafield><datafield ind1=" " ind2=" " tag="080"><subfield code="a">530.145</subfield></datafield><datafield ind1="1" ind2=" " tag="100"><subfield code="a">Boll, Marcel</subfield></datafield><datafield ind1="1" ind2="0" tag="245"><subfield code="a">Introduction a la theorie des quanta. les equations de la mecanique et de l`electronique</subfield><subfield code="c">Marcel boll, charles salomon</subfield></datafield><datafield ind1=" " ind2=" " tag="260"><subfield code="a">Paris</subfield><subfield code="b">Gaston Deint Et C-ie, Editeurs</subfield><subfield code="c">1928</subfield></datafield><datafield ind1=" " ind2=" " tag="300"><subfield code="a">457 P</subfield></datafield><datafield ind1=" " ind2=" " tag="490"><subfield code="a">Collection Langevin-perrin-urbain</subfield></datafield><datafield ind1="1" ind2=" " tag="700"><subfield code="a">Salomon, Charles</subfield></datafield><datafield ind1=" " ind2=" " tag="852"><subfield code="a">44433</subfield><subfield code="c">H.H</subfield></datafield><datafield ind1=" " ind2=" " tag="CAT"><subfield code="a">Sys</subfield><subfield code="c">20130403</subfield><subfield code="h">170230</subfield></datafield></record></collection>